@article{thiel2013,
  title={Noncognitive skills in economics: Models, measurement, and empirical evidence},
  author={Thiel, Hendrik and Thomsen, Stephan L},
  journal={Research in economics},
  volume={67},
  number={2},
  pages={189--214},
  year={2013},
  publisher={Elsevier}
}

@article{thorrisen2023,
  title={The Ten-Item Personality Inventory (TIPI): a scoping review of versions, translations and psychometric properties},
  author={Th{\o}rrisen, Mikkel Magnus and Sadeghi, Talieh},
  journal={Frontiers in Psychology},
  volume={14},
  pages={1202953},
  year={2023}
}

@article{gosling2003,
  title={A very brief measure of the Big-Five personality domains},
  author={Gosling, Samuel D and Rentfrow, Peter J and Swann Jr, William B},
  journal={Journal of Research in personality},
  volume={37},
  number={6},
  pages={504--528},
  year={2003},
  publisher={Elsevier}
}

@article{sofroniou2000,
  title={Explaining performance on the Junior Certificate Examination: A multilevel approach},
  author={Sofroniou, Nick and Shiel, Gerry and Cosgrove, Judith},
  journal={The Irish Journal of Education/Iris Eireannach an Oideachais},
  pages={25--49},
  year={2000},
  publisher={JSTOR}
}

@article{kautz2014,
  title={Fostering and measuring skills: Improving cognitive and non-cognitive skills to promote lifetime success},
  author={Kautz, Tim and Heckman, James J and Diris, Ron and Ter Weel, Bas and Borghans, Lex},
  year={2014},
  publisher={National Bureau of Economic Research}
}

@article{popli2013,
  title={Gender wage differentials in M{\'e}xico: A distributional approach},
  author={Popli, Gurleen K},
  journal={Journal of the Royal Statistical Society Series A: Statistics in Society},
  volume={176},
  number={2},
  pages={295--319},
  year={2013},
  publisher={Oxford University Press}
}

@article{zhou2017,
  title={Non-cognitive skills: Potential candidates for global measurement},
  author={Zhou, Kai},
  journal={European Journal of Education},
  volume={52},
  number={4},
  pages={487--497},
  year={2017},
  publisher={Wiley Online Library}
}

@article{brunello2011,
  title={Non-cognitive skills and personality traits: Labour market relevance and their development in education \& training systems},
  author={Brunello, Giorgio and Schlotter, Martin},
  year={2011},
  publisher={IZA Discussion paper}
}

@article{suarez2016,
  title={The Determinants of Non-Cognitive Education: does the school matter? Empirical evidence from Spain},
  author={Su{\'a}rez Pandiello, Javier and Garcia Valinas, Marian and Mu{\~n}iz, Manuel A},
  journal={European Journal of Education},
  volume={51},
  number={3},
  pages={408--424},
  year={2016},
  publisher={Wiley Online Library}
}

@article{oreopoulos2011,
  title={Priceless: The nonpecuniary benefits of schooling},
  author={Oreopoulos, Philip and Salvanes, Kjell G},
  journal={Journal of Economic perspectives},
  volume={25},
  number={1},
  pages={159--184},
  year={2011},
  publisher={American Economic Association}
}

@article{murphy2019,
  title={Growing Up in Ireland. National Longitudinal Study of Children. Technical Series Number 2019-5},
  author={Murphy, Daraine and Williams, James and Murray, Aisling and Smyth, Emer},
  year={2019}
}

@article{humphries2017,
  title={On the interpretation of non-cognitive skills--What is being measured and why it matters},
  author={Humphries, John Eric and Kosse, Fabian},
  journal={Journal of Economic Behavior \& Organization},
  volume={136},
  pages={174--185},
  year={2017},
  publisher={Elsevier}
}

@article{borghans2008,
  title={The role of noncognitive skills in explaining cognitive test scores},
  author={Borghans, Lex and Meijers, Huub and Ter Weel, Bas},
  journal={Economic inquiry},
  volume={46},
  number={1},
  pages={2--12},
  year={2008},
  publisher={Wiley Online Library}
}

@article{duckworth2006,
  title={Self-discipline gives girls the edge: Gender in self-discipline, grades, and achievement test scores.},
  author={Duckworth, Angela Lee and Seligman, Martin EP},
  journal={Journal of educational psychology},
  volume={98},
  number={1},
  pages={198},
  year={2006},
  publisher={American Psychological Association}
}

@article{balart2018,
  title={Test scores, noncognitive skills and economic growth},
  author={Balart, Pau and Oosterveen, Matthijs and Webbink, Dinand},
  journal={Economics of Education Review},
  volume={63},
  pages={134--153},
  year={2018},
  publisher={Elsevier}
}

@article{duckworth2011,
  title={Role of test motivation in intelligence testing},
  author={Duckworth, Angela Lee and Quinn, Patrick D and Lynam, Donald R and Loeber, Rolf and Stouthamer-Loeber, Magda},
  journal={Proceedings of the National Academy of Sciences},
  volume={108},
  number={19},
  pages={7716--7720},
  year={2011},
  publisher={National Acad Sciences}
}

@article{roberts2007,
  title={The power of personality: The comparative validity of personality traits, socioeconomic status, and cognitive ability for predicting important life outcomes},
  author={Roberts, Brent W and Kuncel, Nathan R and Shiner, Rebecca and Caspi, Avshalom and Goldberg, Lewis R},
  journal={Perspectives on Psychological science},
  volume={2},
  number={4},
  pages={313--345},
  year={2007},
  publisher={SAGE Publications Sage CA: Los Angeles, CA}
}

@article{kitagawa1955,
  title={Components of a difference between two rates},
  author={Kitagawa, Evelyn M},
  journal={Journal of the american statistical association},
  volume={50},
  number={272},
  pages={1168--1194},
  year={1955},
  publisher={Taylor \& Francis}
}

@article{oaxaca1973,
  title={Male-female wage differentials in urban labor markets},
  author={Oaxaca, Ronald},
  journal={International economic review},
  pages={693--709},
  year={1973},
  publisher={JSTOR}
}

@article{blinder1973,
  title={Wage discrimination: reduced form and structural estimates},
  author={Blinder, Alan S},
  journal={Journal of Human resources},
  pages={436--455},
  year={1973},
  publisher={JSTOR}
}

@article{jann2008,
  title={The Blinder--Oaxaca decomposition for linear regression models},
  author={Jann, Ben},
  journal={The Stata Journal},
  volume={8},
  number={4},
  pages={453--479},
  year={2008},
  publisher={SAGE Publications Sage CA: Los Angeles, CA}
} 

@article{goodman1997,
  title={The Strengths and Difficulties Questionnaire: A research note},
  author={Goodman, Robert},
  journal={Journal of Child Psychology and Psychiatry},
  volume={38},
  number={5},
  pages={581--586},
  year={1997},
  publisher={Wiley Online Library},
  doi={10.1111/j.1469-7610.1997.tb01545.x}
}

@misc{sdq2023,
  title = {Information for researchers and professionals about the {Strengths} \& {Difficulties} {Questionnaires}},
  author = {{Youth in Mind}},
  year = {2023},
  url = {https://sdqinfo.org/},
  note = {Accessed: 27/06/2024]}
}

@article{stern2009,
  title={Derivation of the Hicks elasticity of substitution from the input distance function},
  author={Stern, David I},
  journal={Available at SSRN 1326287},
  year={2009}
}

@book{schweinhart2005,
  title={Lifetime effects: the High/Scope Perry Preschool study through age 40},
  author={Schweinhart, Lawrence J and Montie, Jeanne and Xiang, Zongping and Barnett, W Steven and Belfield, Clive R and Nores, Milagros},
  year={2005},
  publisher={High/Scope Press}
}

@article{campbell2012,
  title={Adult outcomes as a function of an early childhood educational program: an Abecedarian Project follow-up},
  author={Campbell, Frances A and Pungello, Elizabeth P and Burchinal, Margaret and Kainz, Kirsten and Pan, Yi and Wasik, Barbara H and Barbarin, Oscar A and Sparling, Joseph J and Ramey, Craig T},
  journal={Developmental psychology},
  volume={48},
  number={4},
  pages={1033},
  year={2012},
  publisher={American Psychological Association}
}

@article{olds2004,
  title={Effects of nurse home-visiting on maternal life course and child development: Age 6 follow-up results of a randomized trial},
  author={Olds, David L and Kitzman, Harriet and Cole, Robert and Robinson, JoAnn and Sidora, Kimberly and Luckey, Dennis W and Henderson Jr, Charles R and Hanks, Carole and Bondy, Jessica and Holmberg, John},
  journal={Pediatrics},
  volume={114},
  number={6},
  pages={1550--1559},
  year={2004},
  publisher={American Academy of Pediatrics}
}

@article{knudsen2006,
  title={Economic, neurobiological, and behavioral perspectives on building America's future workforce},
  author={Knudsen, Eric I and Heckman, James J and Cameron, Judy L and Shonkoff, Jack P},
  journal={Proceedings of the national Academy of Sciences},
  volume={103},
  number={27},
  pages={10155--10162},
  year={2006},
  publisher={National Acad Sciences}
}

@article{raver2011,
  title={CSRP's impact on low-income preschoolers' preacademic skills: self-regulation as a mediating mechanism},
  author={Raver, C Cybele and Jones, Stephanie M and Li-Grining, Christine and Zhai, Fuhua and Bub, Kristen and Pressler, Emily},
  journal={Child development},
  volume={82},
  number={1},
  pages={362--378},
  year={2011},
  publisher={Wiley Online Library}
}

@article{heckman2001,
  title={The importance of noncognitive skills: Lessons from the GED testing program},
  author={Heckman, James J and Rubinstein, Yona},
  journal={American economic review},
  volume={91},
  number={2},
  pages={145--149},
  year={2001},
  publisher={American Economic Association}
}

@article{fortin2015,
  title={Leaving boys behind: Gender disparities in high academic achievement},
  author={Fortin, Nicole M and Oreopoulos, Philip and Phipps, Shelley},
  journal={Journal of Human Resources},
  volume={50},
  number={3},
  pages={549--579},
  year={2015},
  publisher={University of Wisconsin Press}
}

@article{jones1984,
  title={Decomposing differences between groups: A cautionary note on measuring discrimination},
  author={Jones, F L and Kelley, Jonathan},
  journal={Sociological Methods \& Research},
  volume={12},
  number={3},
  pages={323--343},
  year={1984},
  publisher={Sage Publications Sage CA: Thousand Oaks, CA}
}

@article{niederle2010,
  title={Explaining the gender gap in math test scores: The role of competition},
  author={Niederle, Muriel and Vesterlund, Lise},
  journal={Journal of Economic Perspectives},
  volume={24},
  number={2},
  pages={129--144},
  year={2010},
  publisher={American Economic Association}
}

@article{duckworth2005,
  title={Self-discipline outdoes IQ in predicting academic performance of adolescents},
  author={Duckworth, Angela L and Seligman, Martin EP},
  journal={Psychological science},
  volume={16},
  number={12},
  pages={939--944},
  year={2005},
  publisher={SAGE Publications Sage CA: Los Angeles, CA}
}

@article{fox2010,
  title={How the timing and quality of early experiences influence the development of brain architecture},
  author={Fox, Sharon E and Levitt, Pat and Nelson III, Charles A},
  journal={Child development},
  volume={81},
  number={1},
  pages={28--40},
  year={2010},
  publisher={Wiley Online Library}
}

@article{heckman2012,
  title={Hard evidence on soft skills},
  author={Heckman, James J and Kautz, Tim},
  journal={Labour economics},
  volume={19},
  number={4},
  pages={451--464},
  year={2012},
  publisher={Elsevier}
}

@article{bowles2002,
  title={Schooling in capitalist America revisited},
  author={Bowles, Samuel and Gintis, Herbert},
  journal={Sociology of education},
  pages={1--18},
  year={2002},
  publisher={JSTOR}
}

@article{sirin2005,
  title={Socioeconomic status and academic achievement: A meta-analytic review of research},
  author={Sirin, Selcuk R},
  journal={Review of Educational Research},
  volume={75},
  number={3},
  pages={417--453},
  year={2005},
  publisher={Sage Publications Sage CA: Thousand Oaks, CA}
}

@article{davis2005,
  title={The influence of parent education and family income on child achievement: The indirect role of parental expectations and the home environment},
  author={Davis-Kean, Pamela E},
  journal={Journal of Family Psychology},
  volume={19},
  number={2},
  pages={294},
  year={2005},
  publisher={American Psychological Association}
}

@article{ceci2009,
  title={Women's underrepresentation in science: Sociocultural and biological considerations},
  author={Ceci, Stephen J and Williams, Wendy M and Barnett, Susan M},
  journal={Psychological Bulletin},
  volume={135},
  number={2},
  pages={218},
  year={2009},
  publisher={American Psychological Association}
}

@article{spencer1999,
  title={Stereotype threat and women's math performance},
  author={Spencer, Steven J and Steele, Claude M and Quinn, Diane M},
  journal={Journal of Experimental Social Psychology},
  volume={35},
  number={1},
  pages={4--28},
  year={1999},
  publisher={Elsevier}
}

@article{levine2005,
  title={Socioeconomic status modifies the sex difference in spatial skill},
  author={Levine, Susan C and Vasilyeva, Marina and Lourenco, Stella F and Newcombe, Nora S and Huttenlocher, Janellen},
  journal={Psychological Science},
  volume={16},
  number={11},
  pages={841--845},
  year={2005},
  publisher={SAGE Publications Sage CA: Los Angeles, CA}
}

@article{beilock2010,
  title={Female teachers' math anxiety affects girls' math achievement},
  author={Beilock, Sian L and Gunderson, Elizabeth A and Ramirez, Gerardo and Levine, Susan C},
  journal={Proceedings of the National Academy of Sciences},
  volume={107},
  number={5},
  pages={1860--1863},
  year={2010},
  publisher={National Acad Sciences}
}

@article{huang2013,
  title={Gender differences in academic self-efficacy: a meta-analysis},
  author={Huang, Chiungjung},
  journal={European Journal of Psychology of Education},
  volume={28},
  number={1},
  pages={1--35},
  year={2013},
  publisher={Springer}
}

@article{guiso2008,
  title={Culture, gender, and math},
  author={Guiso, Luigi and Monte, Ferdinando and Sapienza, Paola and Zingales, Luigi},
  journal={Science},
  volume={320},
  number={5880},
  pages={1164--1165},
  year={2008},
  publisher={American Association for the Advancement of Science}
}

@article{blickenstaff2005,
  title={Women and science careers: leaky pipeline or gender filter?},
  author={Blickenstaff, Jacob Clark},
  journal={Gender and Education},
  volume={17},
  number={4},
  pages={369--386},
  year={2005},
  publisher={Taylor \& Francis}
}

@article{heckman2006,
  title={The effects of cognitive and noncognitive abilities on labor market outcomes and social behavior},
  author={Heckman, James J and Stixrud, Jora and Urzua, Sergio},
  journal={Journal of Labor Economics},
  volume={24},
  number={3},
  pages={411--482},
  year={2006},
  publisher={University of Chicago Press}
}

@article{cunha2008,
  title={Formulating, identifying and estimating the technology of cognitive and noncognitive skill formation},
  author={Cunha, Flavio and Heckman, James J},
  journal={Journal of Human Resources},
  volume={43},
  number={4},
  pages={738--782},
  year={2008},
  publisher={University of Wisconsin Press}
}

@incollection{almlund2011,
  title={Personality psychology and economics},
  author={Almlund, Mathilde and Duckworth, Angela Lee and Heckman, James and Kautz, Tim},
  booktitle={Handbook of the Economics of Education},
  volume={4},
  pages={1--181},
  year={2011},
  publisher={Elsevier}
}

@article{lindqvist2011,
  title={The labor market returns to cognitive and noncognitive ability: Evidence from the Swedish enlistment},
  author={Lindqvist, Erik and Vestman, Roine},
  journal={American Economic Journal: Applied Economics},
  volume={3},
  number={1},
  pages={101--28},
  year={2011}
}

@techreport{carneiro2007,
  title={The impact of early cognitive and non-cognitive skills on later outcomes},
  author={Carneiro, Pedro and Crawford, Claire and Goodman, Alissa},
  year={2007},
  institution={Centre for the Economics of Education, London School of Economics}
}


@article{levin2012,
  title={More than just test scores},
  author={Levin, Henry M},
  journal={Prospects},
  volume={42},
  pages={269--284},
  year={2012},
  publisher={Springer}
}

@article{bertrand2013,
  title={The trouble with boys: Social influences and the gender gap in disruptive behavior},
  author={Bertrand, Marianne and Pan, Jessica},
  journal={American economic journal: applied economics},
  volume={5},
  number={1},
  pages={32--64},
  year={2013},
  publisher={American Economic Association}
}

@article{altonji1999race,
  title={Race and gender in the labor market},
  author={Altonji, Joseph G and Blank, Rebecca M},
  journal={Handbook of labor economics},
  volume={3},
  pages={3143--3259},
  year={1999},
  publisher={Elsevier}
}

@article{heckman2006skill,
  title={Skill formation and the economics of investing in disadvantaged children},
  author={Heckman, James J},
  journal={Science},
  volume={312},
  number={5782},
  pages={1900--1902},
  year={2006},
  publisher={American Association for the Advancement of Science}
}

@article{blau2017gender,
  title={The gender wage gap: Extent, trends, and explanations},
  author={Blau, Francine D and Kahn, Lawrence M},
  journal={Journal of Economic Literature},
  volume={55},
  number={3},
  pages={789--865},
  year={2017}
}

@article{cunha2007technology,
  title={The technology of skill formation},
  author={Cunha, Flavio and Heckman, James},
  journal={American Economic Review},
  volume={97},
  number={2},
  pages={31--47},
  year={2007}
}

@article{sacerdote2011nature,
  title={Nature and nurture effects on children's outcomes: What have we learned from studies of twins and adoptees},
  author={Sacerdote, Bruce},
  journal={Handbook of social economics},
  volume={1},
  pages={1--30},
  year={2011},
  publisher={Elsevier}
}

@article{rosen1978substitution,
  title={Substitution and division of labour},
  author={Rosen, Sherwin},
  journal={Economica},
  volume={45},
  number={179},
  pages={235--250},
  year={1978},
  publisher={JSTOR}
}

@article{deming2017growing,
  title={The growing importance of social skills in the labor market},
  author={Deming, David J},
  journal={The Quarterly Journal of Economics},
  volume={132},
  number={4},
  pages={1593--1640},
  year={2017},
  publisher={Oxford University Press}
}

@article{phelps1972statistical,
  title={The statistical theory of racism and sexism},
  author={Phelps, Edmund S},
  journal={The American Economic Review},
  volume={62},
  number={4},
  pages={659--661},
  year={1972},
  publisher={JSTOR}
}

@article{browne2006intersectionality,
  title={Intersectionality and multiple inequalities: Visibility in British labour force statistics},
  author={Browne, Irene and Misra, Joya},
  journal={Gender, Work \& Organization},
  volume={13},
  number={4},
  pages={315--336},
  year={2006},
  publisher={Wiley Online Library}
}