@article{thiel2013,
  title={{Noncognitive Skills in Economics: Models, Measurement, and Empirical Evidence}},
  author={Thiel, Hendrik and Thomsen, Stephan L},
  journal={Research in Economics},
  volume={67},
  number={2},
  pages={189--214},
  year={2013},
  publisher={Elsevier}
}

@article{thorrisen2023,
  title={{The Ten-Item Personality Inventory (TIPI): A Scoping Review of Versions, Translations and Psychometric Properties}},
  author={Th{\o}rrisen, Mikkel Magnus and Sadeghi, Talieh},
  journal={Frontiers in Psychology},
  volume={14},
  pages={1202953},
  year={2023}
}

@article{gosling2003,
  title={{A Very Brief Measure of the Big-Five Personality Domains}},
  author={Gosling, Samuel D and Rentfrow, Peter J and Swann Jr, William B},
  journal={Journal of Research in Personality},
  volume={37},
  number={6},
  pages={504--528},
  year={2003},
  publisher={Elsevier}
}

@article{sofroniou2000,
  title={{Explaining Performance on the Junior Certificate Examination: A Multilevel Approach}},
  author={Sofroniou, Nick and Shiel, Gerry and Cosgrove, Judith},
  journal={The Irish Journal of Education/Iris Eireannach an Oideachais},
  pages={25--49},
  year={2000},
  publisher={JSTOR}
}

@article{kautz2014,
  title={{Fostering and Measuring Skills: Improving Cognitive and Noncognitive Skills to Promote Lifetime Success}},
  author={Kautz, Tim and Heckman, James J and Diris, Ron and Ter Weel, Bas and Borghans, Lex},
  year={2014},
  publisher={National Bureau of Economic Research}
}

@article{popli2013,
  title={{Gender Wage Differentials in M{\'e}xico: A Distributional Approach}},
  author={Popli, Gurleen K},
  journal={Journal of the Royal Statistical Society Series A: Statistics in Society},
  volume={176},
  number={2},
  pages={295--319},
  year={2013},
  publisher={Oxford University Press}
}

@article{zhou2017,
  title={{Noncognitive Skills: Potential Candidates for Global Measurement}},
  author={Zhou, Kai},
  journal={European Journal of Education},
  volume={52},
  number={4},
  pages={487--497},
  year={2017},
  publisher={Wiley Online Library}
}

@article{brunello2011,
  title={{Noncognitive Skills and Personality Traits: Labour Market Relevance and Their Development in Education and Training Systems}},
  author={Brunello, Giorgio and Schlotter, Martin},
  year={2011},
  publisher={IZA Discussion paper}
}


@article{suarez2016,
  title={{The Determinants of Noncognitive Education: Does the School Matter? Empirical Evidence from Spain}},
  author={Su{\'a}rez Pandiello, Javier and Garcia Valinas, Marian and Mu{\~n}iz, Manuel A},
  journal={European Journal of Education},
  volume={51},
  number={3},
  pages={408--424},
  year={2016},
  publisher={Wiley Online Library}
}

@techreport{mcnally2020gender,
  title={{Gender Differences in Tertiary Education: What Explains STEM Participation?}},
  author={McNally, Sandra},
  year={2020},
  institution={IZA Policy Paper}
} 

@phdthesis{lawlor2019exploration,
  title={{An Exploration of Wellbeing Provision in the Junior Cycle Within the Education and Training Board (ETB) Sector in the Context of a Whole School Approach and Guidance Counselling Delivery}},
  author={Lawlor, Christine},
  year={2019},
  school={University of Limerick}
}

@misc{ncca2021,
  author = {{National Council for Curriculum and Assessment}},
  title  = {{Updated Guidelines for the Primary School Curriculum}},
  year         = {2021},
  url          = {https://ncca.ie/media/5062/updated-guidelines-2021_en.pdf}
}


@article{oreopoulos2011,
  title={{Priceless: The Nonpecuniary Benefits of Schooling}},
  author={Oreopoulos, Philip and Salvanes, Kjell G},
  journal={Journal of Economic Perspectives},
  volume={25},
  number={1},
  pages={159--184},
  year={2011},
  publisher={American Economic Association}
}

@article{murphy2019,
  title={{Growing Up in Ireland. National Longitudinal Study of Children. Technical Series Number 2019-5}},
  author={Murphy, Daraine and Williams, James and Murray, Aisling and Smyth, Emer},
  year={2019}
}

@article{humphries2017,
  title={{On the Interpretation of Noncognitive Skills--What Is Being Measured and Why It Matters}},
  author={Humphries, John Eric and Kosse, Fabian},
  journal={Journal of Economic Behavior \& Organization},
  volume={136},
  pages={174--185},
  year={2017},
  publisher={Elsevier}
}

@article{borghans2008,
  title={{The Role of Noncognitive Skills in Explaining Cognitive Test Scores}},
  author={Borghans, Lex and Meijers, Huub and Ter Weel, Bas},
  journal={Economic Inquiry},
  volume={46},
  number={1},
  pages={2--12},
  year={2008},
  publisher={Wiley Online Library}
}

@article{duckworth2006,
  title={{Self-Discipline Gives Girls the Edge: Gender in Self-Discipline, Grades, and Achievement Test Scores}},
  author={Duckworth, Angela Lee and Seligman, Martin EP},
  journal={Journal of Educational Psychology},
  volume={98},
  number={1},
  pages={198},
  year={2006},
  publisher={American Psychological Association}
}

@article{balart2018,
  title={{Test Scores, Noncognitive Skills and Economic Growth}},
  author={Balart, Pau and Oosterveen, Matthijs and Webbink, Dinand},
  journal={Economics of Education Review},
  volume={63},
  pages={134--153},
  year={2018},
  publisher={Elsevier}
}

@article{duckworth2011,
  title={{Role of Test Motivation in Intelligence Testing}},
  author={Duckworth, Angela Lee and Quinn, Patrick D and Lynam, Donald R and Loeber, Rolf and Stouthamer-Loeber, Magda},
  journal={Proceedings of the National Academy of Sciences},
  volume={108},
  number={19},
  pages={7716--7720},
  year={2011},
  publisher={National Acad Sciences}
}

@article{roberts2007,
  title={{The Power of Personality: The Comparative Validity of Personality Traits, Socioeconomic Status, and Cognitive Ability for Predicting Important Life Outcomes}},
  author={Roberts, Brent W and Kuncel, Nathan R and Shiner, Rebecca and Caspi, Avshalom and Goldberg, Lewis R},
  journal={Perspectives on Psychological Science},
  volume={2},
  number={4},
  pages={313--345},
  year={2007},
  publisher={SAGE Publications Sage CA: Los Angeles, CA}
}

@article{kitagawa1955,
  title={{Components of a Difference Between Two Rates}},
  author={Kitagawa, Evelyn M},
  journal={Journal of the American Statistical Association},
  volume={50},
  number={272},
  pages={1168--1194},
  year={1955},
  publisher={Taylor \& Francis}
}

@article{oaxaca1973,
  title={{Male-Female Wage Differentials in Urban Labor Markets}},
  author={Oaxaca, Ronald},
  journal={International Economic Review},
  pages={693--709},
  year={1973},
  publisher={JSTOR}
}

@article{blinder1973,
  title={{Wage Discrimination: Reduced Form and Structural Estimates}},
  author={Blinder, Alan S},
  journal={Journal of Human Resources},
  pages={436--455},
  year={1973},
  publisher={JSTOR}
}

@article{jann2008,
  title={{The Blinder--Oaxaca Decomposition for Linear Regression Models}},
  author={Jann, Ben},
  journal={The Stata Journal},
  volume={8},
  number={4},
  pages={453--479},
  year={2008},
  publisher={SAGE Publications Sage CA: Los Angeles, CA}
}


@article{goodman1997,
  title={{The Strengths and Difficulties Questionnaire: A Research Note}},
  author={Goodman, Robert},
  journal={Journal of Child Psychology and Psychiatry},
  volume={38},
  number={5},
  pages={581--586},
  year={1997},
  publisher={Wiley Online Library},
  doi={10.1111/j.1469-7610.1997.tb01545.x}
}

@misc{sdq2023,
  title={{Information for Researchers and Professionals About the Strengths \& Difficulties Questionnaires}},
  author={{Youth in Mind}},
  year={2023},
  url={https://sdqinfo.org/},
  note={{Accessed: 27/06/2024}}
}

@article{stern2009,
  title={{Derivation of the Hicks Elasticity of Substitution from the Input Distance Function}},
  author={Stern, David I},
  journal={{Available at SSRN 1326287}},
  year={2009}
}

@book{schweinhart2005,
  title={{Lifetime Effects: The High/Scope Perry Preschool Study Through Age 40}},
  author={Schweinhart, Lawrence J and Montie, Jeanne and Xiang, Zongping and Barnett, W Steven and Belfield, Clive R and Nores, Milagros},
  year={2005},
  publisher={High/Scope Press}
}

@article{campbell2012,
  title={{Adult Outcomes as a Function of an Early Childhood Educational Program: An Abecedarian Project Follow-Up}},
  author={Campbell, Frances A and Pungello, Elizabeth P and Burchinal, Margaret and Kainz, Kirsten and Pan, Yi and Wasik, Barbara H and Barbarin, Oscar A and Sparling, Joseph J and Ramey, Craig T},
  journal={Developmental Psychology},
  volume={48},
  number={4},
  pages={1033},
  year={2012},
  publisher={American Psychological Association}
}

@article{olds2004,
  title={{Effects of Nurse Home-Visiting on Maternal Life Course and Child Development: Age 6 Follow-Up Results of a Randomized Trial}},
  author={Olds, David L and Kitzman, Harriet and Cole, Robert and Robinson, JoAnn and Sidora, Kimberly and Luckey, Dennis W and Henderson Jr, Charles R and Hanks, Carole and Bondy, Jessica and Holmberg, John},
  journal={Pediatrics},
  volume={114},
  number={6},
  pages={1550--1559},
  year={2004},
  publisher={American Academy of Pediatrics}
}

@article{knudsen2006,
  title={{Economic, Neurobiological, and Behavioral Perspectives on Building America's Future Workforce}},
  author={Knudsen, Eric I and Heckman, James J and Cameron, Judy L and Shonkoff, Jack P},
  journal={Proceedings of the National Academy of Sciences},
  volume={103},
  number={27},
  pages={10155--10162},
  year={2006},
  publisher={National Acad Sciences}
}

@article{raver2011,
  title={{CSRP's Impact on Low-Income Preschoolers' Preacademic Skills: Self-Regulation as a Mediating Mechanism}},
  author={Raver, C Cybele and Jones, Stephanie M and Li-Grining, Christine and Zhai, Fuhua and Bub, Kristen and Pressler, Emily},
  journal={Child Development},
  volume={82},
  number={1},
  pages={362--378},
  year={2011},
  publisher={Wiley Online Library}
}

@article{heckman2001,
  title={{The Importance of Noncognitive Skills: Lessons from the GED Testing Program}},
  author={Heckman, James J and Rubinstein, Yona},
  journal={American Economic Review},
  volume={91},
  number={2},
  pages={145--149},
  year={2001},
  publisher={American Economic Association}
}

@article{fortin2015,
  title={{Leaving Boys Behind: Gender Disparities in High Academic Achievement}},
  author={Fortin, Nicole M and Oreopoulos, Philip and Phipps, Shelley},
  journal={Journal of Human Resources},
  volume={50},
  number={3},
  pages={549--579},
  year={2015},
  publisher={University of Wisconsin Press}
}

@article{jones1984,
  title={{Decomposing Differences Between Groups: A Cautionary Note on Measuring Discrimination}},
  author={Jones, F L and Kelley, Jonathan},
  journal={Sociological Methods \& Research},
  volume={12},
  number={3},
  pages={323--343},
  year={1984},
  publisher={Sage Publications Sage CA: Thousand Oaks, CA}
}

@article{niederle2010,
  title={{Explaining the Gender Gap in Math Test Scores: The Role of Competition}},
  author={Niederle, Muriel and Vesterlund, Lise},
  journal={Journal of Economic Perspectives},
  volume={24},
  number={2},
  pages={129--144},
  year={2010},
  publisher={American Economic Association}
}

@article{duckworth2005,
  title={{Self-Discipline Outdoes IQ in Predicting Academic Performance of Adolescents}},
  author={Duckworth, Angela L and Seligman, Martin EP},
  journal={Psychological Science},
  volume={16},
  number={12},
  pages={939--944},
  year={2005},
  publisher={SAGE Publications Sage CA: Los Angeles, CA}
}

@article{fox2010,
  title={{How the Timing and Quality of Early Experiences Influence the Development of Brain Architecture}},
  author={Fox, Sharon E and Levitt, Pat and Nelson III, Charles A},
  journal={Child Development},
  volume={81},
  number={1},
  pages={28--40},
  year={2010},
  publisher={Wiley Online Library}
}

@article{heckman2012,
  title={{Hard Evidence on Soft Skills}},
  author={Heckman, James J and Kautz, Tim},
  journal={Labour Economics},
  volume={19},
  number={4},
  pages={451--464},
  year={2012},
  publisher={Elsevier}
}

@article{bowles2002,
  title={{Schooling in Capitalist America Revisited}},
  author={Bowles, Samuel and Gintis, Herbert},
  journal={Sociology of Education},
  pages={1--18},
  year={2002},
  publisher={JSTOR}
}

@article{sirin2005,
  title={{Socioeconomic Status and Academic Achievement: A Meta-Analytic Review of Research}},
  author={Sirin, Selcuk R},
  journal={Review of Educational Research},
  volume={75},
  number={3},
  pages={417--453},
  year={2005},
  publisher={Sage Publications Sage CA: Thousand Oaks, CA}
}

@article{davis2005,
  title={{The Influence of Parent Education and Family Income on Child Achievement: The Indirect Role of Parental Expectations and the Home Environment}},
  author={Davis-Kean, Pamela E},
  journal={Journal of Family Psychology},
  volume={19},
  number={2},
  pages={294},
  year={2005},
  publisher={American Psychological Association}
}

@article{ceci2009,
  title={{Women's Underrepresentation in Science: Sociocultural and Biological Considerations}},
  author={Ceci, Stephen J and Williams, Wendy M and Barnett, Susan M},
  journal={Psychological Bulletin},
  volume={135},
  number={2},
  pages={218},
  year={2009},
  publisher={American Psychological Association}
}

@article{spencer1999,
  title={{Stereotype Threat and Women's Math Performance}},
  author={Spencer, Steven J and Steele, Claude M and Quinn, Diane M},
  journal={Journal of Experimental Social Psychology},
  volume={35},
  number={1},
  pages={4--28},
  year={1999},
  publisher={Elsevier}
}

@article{levine2005,
  title={{Socioeconomic Status Modifies the Sex Difference in Spatial Skill}},
  author={Levine, Susan C and Vasilyeva, Marina and Lourenco, Stella F and Newcombe, Nora S and Huttenlocher, Janellen},
  journal={Psychological Science},
  volume={16},
  number={11},
  pages={841--845},
  year={2005},
  publisher={SAGE Publications Sage CA: Los Angeles, CA}
}

@article{beilock2010,
  title={{Female Teachers' Math Anxiety Affects Girls' Math Achievement}},
  author={Beilock, Sian L and Gunderson, Elizabeth A and Ramirez, Gerardo and Levine, Susan C},
  journal={Proceedings of the National Academy of Sciences},
  volume={107},
  number={5},
  pages={1860--1863},
  year={2010},
  publisher={National Acad Sciences}
}

@article{huang2013,
  title={{Gender Differences in Academic Self-Efficacy: A Meta-Analysis}},
  author={Huang, Chiungjung},
  journal={European Journal of Psychology of Education},
  volume={28},
  number={1},
  pages={1--35},
  year={2013},
  publisher={Springer}
}

@article{guiso2008,
  title={{Culture, Gender, and Math}},
  author={Guiso, Luigi and Monte, Ferdinando and Sapienza, Paola and Zingales, Luigi},
  journal={Science},
  volume={320},
  number={5880},
  pages={1164--1165},
  year={2008},
  publisher={American Association for the Advancement of Science}
}

@article{blickenstaff2005,
  title={{Women and Science Careers: Leaky Pipeline or Gender Filter?}},
  author={Blickenstaff, Jacob Clark},
  journal={Gender and Education},
  volume={17},
  number={4},
  pages={369--386},
  year={2005},
  publisher={Taylor \& Francis}
}

@article{heckman2006,
  title={{The Effects of Cognitive and Noncognitive Abilities on Labor Market Outcomes and Social Behavior}},
  author={Heckman, James J and Stixrud, Jora and Urzua, Sergio},
  journal={Journal of Labor Economics},
  volume={24},
  number={3},
  pages={411--482},
  year={2006},
  publisher={University of Chicago Press}
}

@article{cunha2008,
  title={{Formulating, Identifying and Estimating the Technology of Cognitive and Noncognitive Skill Formation}},
  author={Cunha, Flavio and Heckman, James J},
  journal={Journal of Human Resources},
  volume={43},
  number={4},
  pages={738--782},
  year={2008},
  publisher={University of Wisconsin Press}
}

@incollection{almlund2011,
  title={{Personality Psychology and Economics}},
  author={Almlund, Mathilde and Duckworth, Angela Lee and Heckman, James and Kautz, Tim},
  booktitle={{Handbook of the Economics of Education}},
  volume={4},
  pages={1--181},
  year={2011},
  publisher={Elsevier}
}

@article{lindqvist2011,
  title={{The Labor Market Returns to Cognitive and Noncognitive Ability: Evidence from the Swedish Enlistment}},
  author={Lindqvist, Erik and Vestman, Roine},
  journal={American Economic Journal: Applied Economics},
  volume={3},
  number={1},
  pages={101--28},
  year={2011}
}

@techreport{carneiro2007,
  title={{The Impact of Early Cognitive and Noncognitive Skills on Later Outcomes}},
  author={Carneiro, Pedro and Crawford, Claire and Goodman, Alissa},
  year={2007},
  institution={Centre for the Economics of Education, London School of Economics}
}

@article{levin2012,
  title={{More Than Just Test Scores}},
  author={Levin, Henry M},
  journal={Prospects},
  volume={42},
  pages={269--284},
  year={2012},
  publisher={Springer}
}

@article{bertrand2013,
  title={{The Trouble with Boys: Social Influences and the Gender Gap in Disruptive Behavior}},
  author={Bertrand, Marianne and Pan, Jessica},
  journal={American Economic Journal: Applied Economics},
  volume={5},
  number={1},
  pages={32--64},
  year={2013},
  publisher={American Economic Association}
}

@article{altonji1999race,
  title={{Race and Gender in the Labor Market}},
  author={Altonji, Joseph G and Blank, Rebecca M},
  journal={{Handbook of Labor Economics}},
  volume={3},
  pages={3143--3259},
  year={1999},
  publisher={Elsevier}
}

@article{heckman2006skill,
  title={{Skill Formation and the Economics of Investing in Disadvantaged Children}},
  author={Heckman, James J},
  journal={Science},
  volume={312},
  number={5782},
  pages={1900--1902},
  year={2006},
  publisher={American Association for the Advancement of Science}
}

@article{blau2017gender,
  title={{The Gender Wage Gap: Extent, Trends, and Explanations}},
  author={Blau, Francine D and Kahn, Lawrence M},
  journal={Journal of Economic Literature},
  volume={55},
  number={3},
  pages={789--865},
  year={2017}
}

@article{cunha2007technology,
  title={{The Technology of Skill Formation}},
  author={Cunha, Flavio and Heckman, James},
  journal={American Economic Review},
  volume={97},
  number={2},
  pages={31--47},
  year={2007}
}

@article{sacerdote2011nature,
  title={{Nature and Nurture Effects on Children's Outcomes: What Have We Learned from Studies of Twins and Adoptees}},
  author={Sacerdote, Bruce},
  journal={{Handbook of Social Economics}},
  volume={1},
  pages={1--30},
  year={2011},
  publisher={Elsevier}
}

@article{rosen1978substitution,
  title={{Substitution and Division of Labour}},
  author={Rosen, Sherwin},
  journal={Economica},
  volume={45},
  number={179},
  pages={235--250},
  year={1978},
  publisher={JSTOR}
}

@article{deming2017growing,
  title={{The Growing Importance of Social Skills in the Labor Market}},
  author={Deming, David J},
  journal={The Quarterly Journal of Economics},
  volume={132},
  number={4},
  pages={1593--1640},
  year={2017},
  publisher={Oxford University Press}
}

@article{phelps1972statistical,
  title={{The Statistical Theory of Racism and Sexism}},
  author={Phelps, Edmund S},
  journal={The American Economic Review},
  volume={62},
  number={4},
  pages={659--661},
  year={1972},
  publisher={JSTOR}
}

@article{browne2006intersectionality,
  title={{Intersectionality and Multiple Inequalities: Visibility in British Labour Force Statistics}},
  author={Browne, Irene and Misra, Joya},
  journal={Gender, Work \& Organization},
  volume={13},
  number={4},
  pages={315--336},
  year={2006},
  publisher={Wiley Online Library}
}

@article{todd2003specification,
  title={{On the Specification and Estimation of the Production Function for Cognitive Achievement}},
  author={Todd, Petra E and Wolpin, Kenneth I},
  journal={The Economic Journal},
  volume={113},
  number={485},
  pages={F3--F33},
  year={2003},
  publisher={Oxford University Press Oxford, UK}
}

@article{heckman2012hard,
  title={{Hard Evidence on Soft Skills}},
  author={Heckman, James J and Kautz, Tim},
  journal={Labour Economics},
  volume={19},
  number={4},
  pages={451--464},
  year={2012},
  publisher={Elsevier}
}

@article{levin2012more,
  title={{More Than Just Test Scores}},
  author={Levin, Henry M},
  journal={Prospects},
  volume={42},
  number={3},
  pages={269--284},
  year={2012},
  publisher={Springer}
}

@book{oecd2015abc,
  title={{The ABC of Gender Equality in Education: Aptitude, Behaviour, Confidence, PISA}},
  author={{OECD}},
  year={2015},
  publisher={OECD Publishing},
  address={Paris}
}

@article{davis2005influence,
  title={{The Influence of Parent Education and Family Income on Child Achievement: The Indirect Role of Parental Expectations and the Home Environment}},
  author={Davis-Kean, Pamela E},
  journal={Journal of Family Psychology},
  volume={19},
  number={2},
  pages={294},
  year={2005},
  publisher={American Psychological Association}
}

@article{hyde1988gender,
  title={{Gender Differences in Verbal Ability: A Meta-Analysis}},
  author={Hyde, Janet S and Linn, Marcia C},
  journal={Psychological Bulletin},
  volume={104},
  number={1},
  pages={53},
  year={1988},
  publisher={American Psychological Association}
}

@article{hyde1990gender,
  title={{Gender Differences in Mathematics Performance: A Meta-Analysis}},
  author={Hyde, Janet S and Fennema, Elizabeth and Lamon, Susan J},
  journal={Psychological Bulletin},
  volume={107},
  number={2},
  pages={139},
  year={1990},
  publisher={American Psychological Association}
}

@book{OECD2012public,
  author={{OECD}},
  title={{Public and Private Schools: How Management and Funding Relate to Their Socio-Economic Profile}},
  year={2012},
  pages={108},
  url={https://www.oecd-ilibrary.org/content/publication/9789264175006-en},
  doi={10.1787/9789264175006-en},
  publisher={OECD Publishing}
}

@article{sirin2005socioeconomic,
  title={{Socioeconomic Status and Academic Achievement: A Meta-Analytic Review of Research}},
  author={Sirin, Selcuk R},
  journal={Review of Educational Research},
  volume={75},
  number={3},
  pages={417--453},
  year={2005},
  publisher={Sage Publications Sage CA: Thousand Oaks, CA}
}

@article{smyth2015learning,
  title={{Learning from the Evaluation of DEIS}},
  author={Smyth, Emer and McCoy, Selina and Kingston, Gillian},
  journal={Dublin: Economic and Social Research Institute},
  year={2015}
}

@article{pahlke2014effects,
  title={{The Effects of Single-Sex Compared with Coeducational Schooling on Students’ Performance and Attitudes: A Meta-Analysis}},
  author={Pahlke, Erin and Hyde, Janet Shibley and Allison, Carlie M},
  journal={Psychological Bulletin},
  volume={140},
  number={4},
  pages={1042},
  year={2014},
  publisher={American Psychological Association}
}

@article{sofroniou2000explaining,
  title={{Explaining Performance on the Junior Certificate Examination: A Multilevel Approach}},
  author={Sofroniou, Nick and Shiel, Gerry and Cosgrove, Judith},
  journal={The Irish Journal of Education/Iris Eireannach an Oideachais},
  pages={25--49},
  year={2000},
  publisher={JSTOR}
}

@article{guiso2008culture,
  title={{Culture, Gender, and Math}},
  author={Guiso, Luigi and Monte, Ferdinando and Sapienza, Paola and Zingales, Luigi},
  journal={Science},
  volume={320},
  number={5880},
  pages={1164--1165},
  year={2008},
  publisher={American Association for the Advancement of Science}
}

@article{bring1994standardize,
  title={{How to Standardize Regression Coefficients}},
  author={Bring, Johan},
  journal={The American Statistician},
  volume={48},
  number={3},
  pages={209--213},
  year={1994},
  publisher={Taylor \& Francis}
}

@book{wooldridge2015introductory,
  title={{Introductory Econometrics: A Modern Approach}},
  author={Wooldridge, Jeffrey M},
  year={2015},
  publisher={Cengage Learning}
}

@article{gelman2008scaling,
  title={{Scaling Regression Inputs by Dividing by Two Standard Deviations}},
  author={Gelman, Andrew},
  journal={Statistics in Medicine},
  volume={27},
  number={15},
  pages={2865--2873},
  year={2008},
  publisher={Wiley Online Library}
}

@article{durlak2011impact,
  title={{The Impact of Enhancing Students’ Social and Emotional Learning: A Meta-Analysis of School-Based Universal Interventions}},
  author={Durlak, Joseph A and Weissberg, Roger P and Dymnicki, Allison B and Taylor, Rebecca D and Schellinger, Kriston B},
  journal={Child Development},
  volume={82},
  number={1},
  pages={405--432},
  year={2011},
  publisher={Wiley Online Library}
}

@article{hyde2016sex,
  title={{Sex and Cognition: Gender and Cognitive Functions}},
  author={Hyde, Janet S},
  journal={Current Opinion in Neurobiology},
  volume={38},
  pages={53--56},
  year={2016},
  publisher={Elsevier}
}

@article{rittle2015not,
  title={{Not a One-Way Street: Bidirectional Relations Between Procedural and Conceptual Knowledge of Mathematics}},
  author={Rittle-Johnson, Bethany and Schneider, Michael and Star, Jon R},
  journal={Educational Psychology Review},
  volume={27},
  pages={587--597},
  year={2015},
  publisher={Springer}
}

@article{duckworth2015measurement,
  title={{Measurement Matters: Assessing Personal Qualities Other Than Cognitive Ability for Educational Purposes}},
  author={Duckworth, Angela L and Yeager, David Scott},
  journal={Educational Researcher},
  volume={44},
  number={4},
  pages={237--251},
  year={2015},
  publisher={Sage Publications Sage CA: Los Angeles, CA}
}

@book{dweck2007perils,
  title={{The Perils and Promises of Praise}},
  author={Dweck, Carol S},
  volume={65},
  number={2},
  year={2007},
  publisher={ASCD}
}

@book{greene2003econometric,
  title={{Econometric Analysis}},
  author={Greene, William H},
  year={2003},
  publisher={Pearson Education India}
}



%---------------------------------------------
@article{blinder1973,
  author = {Blinder, Alan S.},
  year = {1973},
  title = {{Wage Discrimination: Reduced Form and Structural Estimates}},
  journal = {Journal of Human Resources},
  volume = {8},
  number = {4},
  pages = {436--455}
}

@article{oaxaca1973,
  author = {Oaxaca, Ronald},
  year = {1973},
  title = {{Male-Female Wage Differentials in Urban Labor Markets}},
  journal = {International Economic Review},
  volume = {14},
  number = {3},
  pages = {693--709}
}

@article{golsteyn2014,
  author = {Golsteyn, Bart H. H. and Schils, Trudie},
  year = {2014},
  title = {{Gender Gaps in Primary School Achievement: A Decomposition into Endowments and Returns to IQ and Non-Cognitive Factors}},
  journal = {Economics of Education Review},
  volume = {41},
  pages = {176--187}
}

@article{gevrek2014,
  author = {Gevrek, Z. Eylem and Seiberlich, Ruben R.},
  year = {2014},
  title = {{Semiparametric Decomposition of the Gender Achievement Gap: An Application for Turkey}},
  journal = {Labour Economics},
  volume = {31},
  pages = {27--44}
}

@article{fortin2015,
  author = {Fortin, Nicole M. and Oreopoulos, Philip and Phipps, Shelley},
  year = {2015},
  title = {{Leaving Boys Behind: Gender Disparities in High Academic Achievement}},
  journal = {Journal of Human Resources},
  volume = {50},
  number = {3},
  pages = {549--579}
}

@article{nguyen2020,
  author = {Nguyen, Tuan D.},
  year = {2020},
  title = {{Examining the Gender Gap in STEM: Insights from Multiple Methods}},
  journal = {Educational Researcher},
  volume = {49},
  number = {4},
  pages = {257--265}
}

@article{agasisti2021,
  author = {Agasisti, Tommaso and Soncin, Mara},
  year = {2021},
  title = {{The Urban-Rural Divide in Educational Achievement: Evidence from Italy Using Multilevel Models and Counterfactual Analysis}},
  journal = {Studies in Educational Evaluation},
  volume = {70},
  pages = {101016}
}

@article{cimpian2016,
  author = {Cimpian, Joseph R. and Lubienski, Sarah T. and Timmer, Jennifer D. and Makowski, Martha B. and Miller, Emily K.},
  year = {2016},
  title = {{Have Gender Gaps in Math Closed? Achievement, Teacher Perceptions, and Learning Behaviors Across Two ECLS-K Cohorts}},
  journal = {AERA Open},
  volume = {2},
  number = {4},
  pages = {1--19}
}

@article{lounkaew2013,
  author = {Lounkaew, Kiatanantha},
  year = {2013},
  title = {{Explaining Urban-Rural Differences in Educational Achievement in Thailand: Evidence from PISA Literacy Data}},
  journal = {Economics of Education Review},
  volume = {37},
  pages = {213--225}
}

@article{karakolidis2016,
  author = {Karakolidis, Anastasios and Pitsia, Vasiliki and Emvalotis, Anastassios},
  year = {2016},
  title = {{Examining Students' Achievement in Mathematics: A Multilevel Analysis of the Programme for International Student Assessment (PISA) 2012 Data for Greece}},
  journal = {International Journal of Educational Research},
  volume = {79},
  pages = {106--115}
}

@article{jann2008,
  author = {Jann, Ben},
  year = {2008},
  title = {{The Blinder-Oaxaca Decomposition for Linear Regression Models}},
  journal = {Stata Journal},
  volume = {8},
  number = {4},
  pages = {453--479}
}

@article{fortin2011,
  author = {Fortin, Nicole and Lemieux, Thomas and Firpo, Sergio},
  year = {2011},
  title = {{Decomposition Methods in Economics}},
  journal = {Handbook of Labor Economics},
  volume = {4},
  pages = {1--102},
  publisher = {Elsevier}
}

@article{lee2018,
  author = {Lee, Jaekyung and Kim, Yunghee and Shin, Heesook},
  year = {2018},
  title = {{Gender Differences in the Effect of Single-Sex Schooling on Academic Achievement and STEM Persistence}},
  journal = {American Educational Research Journal},
  volume = {55},
  number = {6},
  pages = {1159--1188}
}

@article{dee2007,
  author = {Dee, Thomas S.},
  year = {2007},
  title = {{Teachers and the Gender Gaps in Student Achievement}},
  journal = {Journal of Human Resources},
  volume = {42},
  number = {3},
  pages = {528--554}
}

@article{jacobs2002,
  author = {Jacobs, Janis E. and Bleeker, Martha M.},
  year = {2002},
  title = {{Girls' and Boys' Developing Interests in Math and Science: Do Parents Matter?}},
  journal = {New Directions for Child and Adolescent Development},
  volume = {2002},
  number = {96},
  pages = {5--21}
}

@article{legewie2014,
  author = {Legewie, Joscha and DiPrete, Thomas A.},
  year = {2014},
  title = {{The High School Environment and the Gender Gap in Science and Engineering}},
  journal = {Sociology of Education},
  volume = {87},
  number = {4},
  pages = {259--280}
}

@article{cvencek2011,
  author = {Cvencek, Dario and Meltzoff, Andrew N. and Greenwald, Anthony G.},
  year = {2011},
  title = {{Math-Gender Stereotypes in Elementary School Children}},
  journal = {Child Development},
  volume = {82},
  number = {3},
  pages = {766--779}
}

@article{spencer1999,
  author = {Spencer, Steven J. and Steele, Claude M. and Quinn, Diane M.},
  year = {1999},
  title = {{Stereotype Threat and Women's Math Performance}},
  journal = {Journal of Experimental Social Psychology},
  volume = {35},
  number = {1},
  pages = {4--28}
}

@article{eccles1994,
  author = {Eccles, Jacquelynne S.},
  year = {1994},
  title = {{Understanding Women's Educational and Occupational Choices}},
  journal = {Psychology of Women Quarterly},
  volume = {18},
  number = {4},
  pages = {585--609}
}

@article{sax2008,
  author = {Sax, Linda J. and Kanny, M. Allison and Riggers-Piehl, Tiffani A. and Whang, Hannah and Paulson, Laura N.},
  year = {2008},
  title = {{Women in Science, Technology, Engineering, and Mathematics (STEM)}},
  journal = {New Directions for Institutional Research},
  volume = {2008},
  number = {152},
  pages = {5--23}
}

@article{niederle2010,
  author = {Niederle, Muriel and Vesterlund, Lise},
  year = {2010},
  title = {{Explaining the Gender Gap in Math Test Scores: The Role of Competition}},
  journal = {Journal of Economic Perspectives},
  volume = {24},
  number = {2},
  pages = {129--144}
}

@article{guiso2008,
  author = {Guiso, Luigi and Monte, Ferdinando and Sapienza, Paola and Zingales, Luigi},
  year = {2008},
  title = {{Culture, Gender, and Math}},
  journal = {Science},
  volume = {320},
  number = {5880},
  pages = {1164--1165}
}

@article{beilock2010,
  author = {Beilock, Sian L. and Gunderson, Elizabeth A. and Ramirez, Gerardo and Levine, Susan C.},
  year = {2010},
  title = {{Female Teachers' Math Anxiety Affects Girls' Math Achievement}},
  journal = {Proceedings of the National Academy of Sciences},
  volume = {107},
  number = {5},
  pages = {1860--1863}
}

@article{bian2017,
  author = {Bian, Lin and Leslie, Sarah-Jane and Cimpian, Andrei},
  year = {2017},
  title = {{Gender Stereotypes About Intellectual Ability Emerge Early and Influence Children's Interests}},
  journal = {Science},
  volume = {355},
  number = {6323},
  pages = {389--391}
}

@article{hyde2008,
  author = {Hyde, Janet S. and Lindberg, Sara M. and Linn, Marcia C. and Ellis, Amy B. and Williams, Caroline C.},
  year = {2008},
  title = {{Gender Similarities Characterize Math Performance}},
  journal = {Science},
  volume = {321},
  number = {5888},
  pages = {494--495}
}

@article{blakemore2003,
  author = {Blakemore, Judith E. Owen and Centers, Renee E.},
  year = {2003},
  title = {{The Effects of Gender and School Type on Children's Use of Gender Stereotypes}},
  journal = {Journal of Genetic Psychology},
  volume = {164},
  number = {4},
  pages = {399--418}
}

@article{frome2006,
  author = {Frome, Pamela M. and Alfeld, Corinne J. and Eccles, Jacquelynne S. and Barber, Bonnie L.},
  year = {2006},
  title = {{Why Don't They Want a Male-Dominated Job? An Investigation of Young Women Who Changed Their Occupational Aspirations}},
  journal = {Educational Research and Evaluation},
  volume = {12},
  number = {4},
  pages = {359--372}
}

@article{baker2002socioeconomic,
  author = {Baker, David P. and Stevenson, David L.},
  year = {2002},
  title = {{Socioeconomic Status, Parental Involvement, and Academic Achievement}},
  journal = {Sociology of Education},
  volume = {75},
  number = {2},
  pages = {123--144}
}

@article{gunderson2012role,
  author = {Gunderson, Elizabeth A. and Ramirez, Gerardo and Levine, Susan C. and Beilock, Sian L.},
  year = {2012},
  title = {{The Role of Parents and Teachers in the Development of Gender-Related Math Attitudes}},
  journal = {Sex Roles},
  volume = {66},
  number = {3-4},
  pages = {153--166}
}

@article{bettinger2018role,
  author = {Bettinger, Eric P. and Long, Bridget T.},
  year = {2018},
  title = {{Role Models and Student Success}},
  journal = {Annual Review of Economics},
  volume = {10},
  pages = {547--570}
}

@article{chmielewski2013tracking,
  author = {Chmielewski, Anna K. and Dumont, Hanna and Trautwein, Ulrich},
  year = {2013},
  title = {{Tracking and the Achievement Gap}},
  journal = {American Journal of Education},
  volume = {120},
  number = {1},
  pages = {1--31}
}

@article{eriksson2012differences,
  author = {Eriksson, Mårten and Marschik, Peter B. and Tulviste, Tiia and Almgren, Margareta and Pérez Pereira, Miguel and Wehberg, Sonja and Marjanovič-Umek, Ljubica and Gayraud, Frederique and Kovacevic, Melita and Gallego, Carlos},
  year = {2012},
  title = {{Differences Between Girls and Boys in Emerging Language Skills: Evidence from 10 Language Communities}},
  journal = {British Journal of Developmental Psychology},
  volume = {30},
  number = {2},
  pages = {326--343}
}

@book{bourdieu1977cultural,
  author = {Bourdieu, Pierre and Passeron, Jean-Claude},
  year = {1977},
  title = {{Reproduction in Education, Society and Culture}},
  publisher = {Sage Publications},
  address = {London}
}

@incollection{eccles1983expectancies,
  author = {Eccles, Jacquelynne S.},
  year = {1983},
  title = {{Expectancies, Values, and Academic Behaviors}},
  booktitle = {{Achievement and Achievement Motives: Psychological and Sociological Approaches}},
  editor = {Spence, Janet T.},
  publisher = {W. H. Freeman},
  address = {San Francisco},
  pages = {75--146}
}

@article{buchmann2008gender,
  author = {Buchmann, Claudia and DiPrete, Thomas A. and McDaniel, Anne},
  year = {2008},
  title = {{Gender Inequalities in Education}},
  journal = {Annual Review of Sociology},
  volume = {34},
  pages = {319--337}
}

@article{reardon2011whither,
  author = {Reardon, Sean F.},
  year = {2011},
  title = {{The Widening Academic Achievement Gap Between the Rich and the Poor: New Evidence and Possible Explanations}},
  journal = {Whither Opportunity},
  volume = {1},
  pages = {91--116}
}

@article{spencer1999stereotype,
  author = {Spencer, Steven J. and Steele, Claude M. and Quinn, Diane M.},
  year = {1999},
  title = {{Stereotype Threat and Women's Math Performance}},
  journal = {Journal of Experimental Social Psychology},
  volume = {35},
  number = {1},
  pages = {4--28}
}

@article{hanushek2014school,
  author = {Hanushek, Eric A. and Woessmann, Ludger},
  year = {2014},
  title = {{Institutional Structures of the Education System and Student Achievement: A Review of Cross-Country Economic Research}},
  journal = {Educational Policy Evaluation through International Comparative Assessments},
  pages = {145--175}
}

@book{lareau2011unequal,
  author = {Lareau, Annette},
  year = {2011},
  title = {{Unequal Childhoods: Class, Race, and Family Life}},
  publisher = {University of California Press},
  address = {Berkeley}
}